@article{seltzer2003microphone,
  title={Microphone array processing for robust speech recognition},
  author={Seltzer, Michael L},
  journal={CMU, Pittsburgh PA, PhD Thesis},
  year={2003}
}

@article{papez2013acoustic,
  title={Acoustic Source Localization Based on Beamforming},
  author={PAPEZ, MARTIN and VLCEK, KAREL},
  journal={Recent Advances in Systems Science},
  pages={259--264},
  year={2013}
}

@misc{max9814,
    title =        "https://www.adafruit.com/product/1713",
    note =         "[dostęp: 2019-11-20]",
}

@misc{obwiednia,
    title =        "https://wiki.analog.com/university/courses/electronics/electronics-lab-envelope-detector",
    note =         "[dostęp: 2019-11-20]",
}

@misc{sparkfun,
    title =        "https://www.sparkfun.com/products/14262",
    note =         "[dostęp: 2019-11-20]",
}
